<zs:record>
      <zs:recordPacking>xml</zs:recordPacking>
      <zs:recordData>
        <record xmlns="http://www.loc.gov/MARC21/slim">
          <leader>00365nz a2200109 4500</leader>
          <controlfield tag="001">30076513</controlfield>
          <controlfield tag="003">RISM</controlfield>
          <controlfield tag="005">20121108</controlfield>
          <controlfield tag="008">121108n||az|||||||##########||||||||||||</controlfield>
          <datafield tag="043" ind1=" " ind2=" ">
            <subfield code="c">Argentina</subfield>
          </datafield>
          <datafield tag="110" ind1="2" ind2=" ">
            <subfield code="a">Convento de Santa Catalina, Archivo</subfield>
            <subfield code="c">Santa Catalina (Córdoba)</subfield>
            <subfield code="g">RA-SCc</subfield>
          </datafield>
          <datafield tag="622" ind1=" " ind2=" ">
            <subfield code="e">Convento de Santa Catalina, Archivo, Obispo Trejo, s/n Ń 5012, X5825 Santa Catalina,
              Argentinien</subfield>
          </datafield>
          <idzebra xmlns="http://www.indexdata.dk/zebra/">
            <size>365</size>
            <score>788</score>
            <localnumber>834779</localnumber>
            <filename>sigla/sigla.mrc</filename>
          </idzebra>
        </record>
      </zs:recordData>
      <zs:recordPosition>9</zs:recordPosition>
    </zs:record></zs:records>
</zs:searchRetrieveResponse>
